@online{wong2018,
  author       = {Kenneth K. Wong},
  year         = {2018},
  title        = {Education},
  organization = {Center for the Study of Federalism},
  url          = {https://federalism.org/encyclopedia/no-topic/education/},
  urldate      = {2024-11-25}
}

@online{hornbeck2017,
  author  = {David Hornbeck},
  year    = {2017},
  title   = {Federal role in education has a long history},
  journal = {The Conversation},
  url     = {https://theconversation.com/federal-role-in-education-has-a-long-history-74807},
  urldate = {2024-11-25}
}

@online{pelsue2017,
  author  = {Brendan Pelsue},
  year    = {2017},
  title   = {When it comes to education, the federal government is in charge of ... um, what?},
  journal = {Harvard Graduate School of Education},
  url     = {https://www.gse.harvard.edu/ideas/ed-magazine/17/08/when-it-comes-education-federal-government-charge-um-what},
  urldate = {2024-11-25}
}

@online{kosar2015,
  author  = {Kevin Kosar},
  year    = {2015},
  title   = {Kill the Department of Ed.? It’s been done},
  journal = {The Agenda},
  url     = {https://www.politico.com/agenda/story/2015/09/department-of-education-history-000235},
  urldate = {2024-11-25}
}

@online{walsh2022,
  author  = {Alyssa Walsh and Molly Moynihan and Eric Yin},
  year    = {2022},
  title   = {Has the ‘Every Student Succeeds Act’ left children behind?},
  journal = {The Regulatory Review},
  url     = {https://www.theregreview.org/2022/08/06/saturday-seminar-has-the-every-student-succeeds-act-left-children-behind/},
  urldate = {2024-11-25}
}

@article{burnes1978,
  author  = {Daniel W. Burnes},
  year    = {1978},
  title   = {A Case Study of Federal Involvement in Education},
  journal = {Proceedings of the Academy of Political Science},
  volume  = {33},
  number  = {2},
  pages   = {87--98},
  doi     = {10.2307/1173920}
}

@online{mcguinn2018,
  author       = {Patrick McGuinn},
  year         = {2018},
  title        = {No Child Left Behind Act},
  organization = {Center for the Study of Federalism},
  url          = {https://encyclopedia.federalism.org/index.php/No-Child-Left-Behind-Act},
  urldate      = {2024-11-25}
}

@report{sunderman2004,
  author       = {Gail Sunderman and Jimmy Kim},
  year         = {2004},
  title        = {Expansion of Federal Power in American Education: Federal-State Relationships Under the No Child Left Behind Act, Year One},
  organization = {The Civil Rights Project: Harvard University},
  url          = {https://civilrightsproject.ucla.edu/research/k-12-education/nclb-title-i/expansion-of-federal-power-in-american-education-federal-state-relationships-under-the-no-child-left-behind-act-year-one/sunderman-kim-expansion-federal-power-american.pdf}
}

@article{dee2010,
  author  = {Thomas S. Dee and Brian A. Jacob},
  year    = {2010},
  title   = {The Impact of No Child Left Behind on Students, Teachers, and Schools},
  journal = {Brookings Papers on Economic Activity},
  volume  = {2010},
  number  = {2},
  pages   = {149--194},
  doi     = {10.1353/eca.2010.0014}
}

@article{heise2017,
  author  = {Michael Heise},
  year    = {2017},
  title   = {From No Child Left Behind to Every Student Succeeds: Back to a Future for Education Federalism},
  journal = {Columbia Law Review},
  volume  = {117},
  number  = {7},
  pages   = {1859--1896},
  doi     = {10.31228/osf.io/kdfje}
}

@article{sundquist2012,
  author  = {Christian Sundquist},
  year    = {2012},
  title   = {Positive Education Federalism: The Promise of Equality after the Every Student Succeeds Act},
  journal = {Mercer Law Review},
  volume  = {351},
  pages   = {68},
  doi     = {10.2139/ssrn.2169455}
}

@article{saultz2017,
  author  = {Andrew Saultz and Lance D. Fusarelli and Andrew McEachin},
  year    = {2017},
  title   = {The Every Student Succeeds Act, the Decline of the Federal Role in Education Policy, and the Curbing of Executive Authority},
  journal = {Publius: The Journal of Federalism},
  volume  = {47},
  number  = {3},
  pages   = {426--444},
  doi     = {10.1093/publius/pjx031}
}

@article{pears2022,
  author  = {Evan Pears and Eric Sydnor},
  year    = {2022},
  title   = {COVID-19 and the Culture of American Federalism},
  journal = {RSF: The Russell Sage Foundation Journal of the Social Sciences},
  volume  = {8},
  number  = {8},
  pages   = {181--220},
  doi     = {10.7758/rsf.2022.8.8.09}
}

@misc{garcia2020,
  author    = {Emma García and Elaine Weiss},
  year      = {2020},
  title     = {COVID-19 and Student Performance, Equity, and U.S. Education Policy},
  publisher = {Economic Policy Institute},
  url       = {https://epi.org/205622}
}

@article{bowman2017,
  author  = {Kristine L. Bowman},
  year    = {2017},
  title   = {The Failure of Education Federalism},
  journal = {University of Michigan Journal of Law Reform},
  volume  = {51},
  doi     = {10.2139/ssrn.2876889}
}

@article{hills2012,
  author  = {Roderick M. Hills},
  year    = {2012},
  title   = {The Case for Educational Federalism: Protecting Educational Policy from the National Government’s Diseconomies of Scale},
  journal = {Notre Dame Law Review},
  volume  = {87},
  number  = {5},
  url     = {https://scholarship.law.nd.edu/ndlr/vol87/iss5/6}
}

@article{robinson2013,
  author  = {Kimberly J. Robinson},
  year    = {2013},
  title   = {The High Cost of Education Federalism},
  journal = {Wake Forest Law Review},
  volume  = {287},
  url     = {https://papers.ssrn.com/sol3/papers.cfm?abstract-id=2259631}
}

@article{harvard2009,
  author  = {Christopher J. Harvard},
  year    = {2009},
  title   = {Funny Money: How Federal Education Funding Hurts Poor and Minority Students},
  journal = {University of Baltimore Law Review},
  url     = {https://scholarworks.law.ubalt.edu/cgi/viewcontent.cgi?article=1306}
}

@online{soeonline2022,
  author       = {SOE Online},
  year         = {2022},
  title        = {Inequality in Public School Funding: Key Issues \& Solutions for Closing the Gap},
  organization = {American University: School of Education},
  url          = {https://soeonline.american.edu/blog/inequality-in-public-school-funding/},
  urldate      = {2024-11-25}
}

@report{lpi2020,
  author    = {Learning Policy Institute},
  year      = {2020},
  title     = {The Federal Role in Advancing Education Equity and Excellence},
  publisher = {Palo Alto, CA: Author},
  url       = {https://learningpolicyinstitute.org/product/advancing-education-2020-brief}
}

@article{mcgovern2018,
  author  = {Steven K. McGovern},
  year    = {2018},
  title   = {A New Model for States as Laboratories for Reform: How Federalism Informs Education Policy},
  journal = {NYU Law Review},
  volume  = {86},
  number  = {5},
  url     = {https://nyulawreview.org/wp-content/uploads/2018/08/NYULawReview-86-5-McGovern.pdf}
}

@misc{shanor2015,
  author  = {Charles Shanor},
  year    = {2015},
  title   = {Spillover Federalism},
  journal = {JOTWELL},
  url     = {https://conlaw.jotwell.com/spillover-federalism/}
}
